@online{berkeleytime,
  author = {Yuxin Zhu, Noah Gilmore, Ashwin Iyengar},
  title = {berkeleytime},
  year = 2012,
  url = {http://www.berkeleytime.com}
}

@online{ratemyprofessors,
  author = {John Swapceinski},
  title = {RateMyProfessors},
  year = 1999,
  url = {http://www.RateMyProfessors.com}
}

@online{cec,
  author = {UW},
  title = {Course Evaluation Catalog},
  year = 2015,
  url = {https://www.washington.edu/cec/}
}
