@article{coladarci2007ratemyprofessors,
  title={RateMyProfessors. com versus formal in-class student evaluations of teaching},
  author={Coladarci, Theodore and Kornfield, Irv},
  journal={Practical Assessment, Research \& Evaluation},
  volume={12},
  number={6},
  pages={1--15},
  year={2007}
}

@article{felton2008attractiveness,
  title={Attractiveness, easiness and other issues: student evaluations of professors on Ratemyprofessors. com},
  author={Felton, James and Koper, Peter T and Mitchell, John and Stinson, Michael},
  journal={Assessment \& Evaluation in Higher Education},
  volume={33},
  number={1},
  pages={45--61},
  year={2008},
  publisher={Taylor \& Francis}
}

@article{sonntag2009empirical,
  title={An empirical test of the validity of student evaluations of teaching made on RateMyProfessors. com},
  author={Sonntag, Michael E and Bassett, Jonathan F and Snyder, Timothy},
  journal={Assessment \& Evaluation in Higher Education},
  volume={34},
  number={5},
  pages={499--504},
  year={2009},
  publisher={Taylor \& Francis}
}

@online{berkeleytime,
  author = {Yuxin Zhu, Noah Gilmore, Ashwin Iyengar},
  title = {berkeleytime},
  year = 2012,
  url = {http://www.berkeleytime.com}
}

@online{ratemyprofessors,
  author = {John Swapceinski},
  title = {RateMyProfessors},
  year = 1999,
  url = {http://www.RateMyProfessors.com}
}

@online{cec,
  author = {UW},
  title = {Course Evaluation Catalog},
  year = 2015,
  url = {https://www.washington.edu/cec/}
}
